@misc{potuckova2024,
  author = {Markéta Potůčková},
  title = {GEOINFORMATIKA: Analýza hlavních komponent},
  organization = {Katedra aplikované geoinformatiky a kartografie, Přf UK},
  year = {2024},
  note = {Prezentace k přednášce},
  url = {marketa.potuckova@natur.cuni.cz},
}

@online{koutroumbas2008,
  author = {Koutroumbas, K. and Theodoridis, S.},
  title = {Pattern Recognition},
  year = {2008},
  urldate = {2024-12-05},
  url = {https://github.com/free-educa/books/issues/27},
}