@online{zadani,
  author = {Tomáš Bayer},
  title = {Nejkratší cesty grafem},
  urldate = {2024-11-25},
  url = {https://github.com/k155cvut/ygei/blob/main/cviceni/geoinf_cv4.pdf},
}

@online{geoinf8,
  author = {Tomáš Bayer},
  title = {Nejkratší cesty grafem},
  urldate = {2024-11-25},
  url = {https://github.com/k155cvut/ygei/blob/main/prednasky/geoinf8.pdf},
}

@online{geoinf9,
  author = {Tomáš Bayer},
  title = {Nejkratší cesty grafem},
  urldate = {2024-11-25},
  url = {https://github.com/k155cvut/ygei/blob/main/prednasky/geoinf9.pdf},
}

@online{arcdataGeodatabaze,
  author = {ArcData},
  title = {ArcCR 500-3.3 Popis dat},
  urldate = {2024-11-27},
  url = {https://download.arcdata.cz/data/ArcCR_500-3.3-Popis-dat.pdf},
}

@book{Bayer2008,
  author = {Tomáš Bayer},
  title = {Algoritmy v digitální kartografii},
  publisher = {Karolinum},
  address = {Praha},
  year = {2008},
  edition = {2008},
  isbn = {978-80-246-1499-1},
}
