@online{YGEIObraz,
  author = {Jiří Cajthaml},
  title = {Obrazová analýza a zpracování},
  urldate = {2024-11-02},
  url = {https://maps.fsv.cvut.cz/~cajthaml/ygei/YGEI_Obraz.pdf},
}

@online{pIDhmNtdwMgbcGoe,
  author = {Tomáš Bayer},
  title = {Algoritmy pro kompresi rastrových dat},
  urldate = {2024-10-21},
  url = {https://web.natur.cuni.cz/~bayertom/images/courses/Apk/komprese.pdf},
}

@online{DPZFiltrace,
  author = {Katedra geomatiky, Fakulta stavební, ČVUT v Praze},
  title = {Filtrace obrazu},
  urldate = {2024-11-03},
  url = {https://k155cvut.github.io/dprz/cviceni/cviceni4/},
}

@online{ZODHGauss,
  author = {Katedra geomatiky, Fakulta stavební, ČVUT v Praze},
  title = {153ZODH / 5. cvičení},
  urldate = {2024-11-03},
  url = {https://geo.fsv.cvut.cz/gwiki/153ZODH_/_5._cvi%C4%8Den%C3%AD},
}

@online{mathworksGauss,
  author = {MathWorks},
  title = {imgaussfilt},
  urldate = {2024-11-03},
  url = {https://www.mathworks.com/help/images/ref/imgaussfilt.html},
}

@online{mathworksGraphCut,
  author = {MathWorks},
  title = {Segment Image Using Graph Cut in Image Segmenter},
  urldate = {2024-11-04},
  url = {https://www.mathworks.com/help/images/segment-image-using-graph-cut.html},
}