@online{pIDhmNtdwMgbcGoe,
  author = {Tomáš Bayer},
  title = {Algoritmy pro kompresi rastrových dat},
  urldate = {2024-10-21},
  url = {https://web.natur.cuni.cz/~bayertom/images/courses/Apk/komprese.pdf},
}

@online{ygeiGeoinf2,
  author = {Katedra geoinformatiky, ČVUT},
  title = {Geoinformatika 2 - Přednášky},
  urldate = {2024-10-21},
  url = {https://github.com/k155cvut/ygei/blob/main/prednasky/geoinf2.pdf},
}

@online{FFTWiki,
  author = {Wikipedia},
  title = {Fast Fourier transform},
  urldate = {2024-10-21},
  url = {https://en.wikipedia.org/wiki/Fast_Fourier_transform},
}

@online{WaveletWiki,
  author = {Wikipedia},
  title = {Wavelet transform},
  urldate = {2024-10-21},
  url = {https://en.wikipedia.org/wiki/Wavelet_transform},
}

@online{JPEG2000Wiki,
  author = {Wikipedia},
  title = {JPEG 2000},
  urldate = {2024-10-21},
  url = {https://en.wikipedia.org/wiki/JPEG_2000},
}